@book{Bishop,
  title={Pattern Recoginition and Machine Learning},
  author={Christopher Bishop},
  year={2006},
  publisher={Springer}
}

